<?xml version="1.0" encoding="UTF-8"?><collection xmlns="http://www.loc.gov/MARC21/slim"><record><leader>00389nam--2200169-u-4500</leader><controlfield tag="001">000051086</controlfield><controlfield tag="002">20161230</controlfield><controlfield tag="005">20161230201049</controlfield><controlfield tag="008">080519s1000------------r-----000-0-eng-d</controlfield><datafield ind1=" " ind2=" " tag="040"><subfield code="a">IFIN-HH</subfield></datafield><datafield ind1=" " ind2=" " tag="080"><subfield code="a">511.3</subfield></datafield><datafield ind1="1" ind2=" " tag="100"><subfield code="a">Shidlovskii,A.B</subfield></datafield><datafield ind1="1" ind2="0" tag="245"><subfield code="a">Transtsendetnye Chisla</subfield></datafield><datafield ind1=" " ind2=" " tag="260"><subfield code="a">Moskva</subfield><subfield code="b">Nauka</subfield><subfield code="c">1987</subfield></datafield><datafield ind1=" " ind2=" " tag="300"><subfield code="a">447 p</subfield></datafield><datafield ind1=" " ind2=" " tag="852"><subfield code="a">74603</subfield><subfield code="c">512</subfield></datafield><datafield ind1=" " ind2=" " tag="CAT"><subfield code="a">Sys</subfield><subfield code="c">20080519</subfield><subfield code="h">095516</subfield></datafield></record></collection>